<?xml version="1.0" encoding="UTF-8"?><collection xmlns="http://www.loc.gov/MARC21/slim"><record><leader>00356nam--2200121-i-4500</leader><controlfield tag="001">000024377</controlfield><controlfield tag="002">20161230</controlfield><controlfield tag="005">20161230201035</controlfield><controlfield tag="008">060222s1000------------r-----000-0-eng-d</controlfield><datafield ind1=" " ind2=" " tag="100"><subfield code="a">Gunther, Ludwig</subfield></datafield><datafield ind1=" " ind2=" " tag="245"><subfield code="a">Grundlehren der mathematischen wissenchaften. band. lxx: die grundlagen der quantenmechanik</subfield></datafield><datafield ind1=" " ind2=" " tag="260"><subfield code="a">Berlin,Springer-verlag, 1954</subfield></datafield><datafield ind1=" " ind2=" " tag="852"><subfield code="a">10032</subfield></datafield></record></collection>